@Techreport{3gpp.35.205,
  author = {Michael Walker},
  title = {{3G Security; Specification of the MILENAGE algorithm set: An example algorithm set for the 3GPP authentication and key generation functions f1, f1*, f2, f3, f4, f5 and f5*; Document 1: General}},
  type = {TS},
  institution = {3rd Generation Partnership Project (3GPP)},
  number = {35.205},
  month = {dec},
  year = {2015}
}

@book{spitz11,
  title={Kryptographie und IT-Sicherheit: Grundlagen und Anwendungen},
  author={Spitz, S. and Pramateftakis, M. and Swoboda, J.},
  isbn={9783834814876},
  series={Studium : IT-Sicherheit und Datenschutz},
  year={2011},
  publisher={Vieweg+Teubner Verlag}
}
